@INPROCEEDINGS{Geo_point,
  author={Lee, Taeyoung and Sreenath, Koushil and Kumar, Vijay},
  booktitle={52nd IEEE Conference on Decision and Control}, 
  title={Geometric control of cooperating multiple quadrotor UAVs with a suspended payload}, 
  year={2013},
  volume={},
  number={},
  pages={5510-5515},
  keywords={Force;Trajectory;Dynamics;Vectors;Equations;Transportation},
  doi={10.1109/CDC.2013.6760757}}

@INPROCEEDINGS{2014Geo,
  author={Lee, Taeyoung},
  booktitle={53rd IEEE Conference on Decision and Control}, 
  title={Geometric control of multiple quadrotor UAVs transporting a cable-suspended rigid body}, 
  year={2014},
  volume={},
  number={},
  pages={6155-6160},
  keywords={Payloads;Equations;Vehicle dynamics;Mathematical model;Trajectory;Attitude control},
  doi={10.1109/CDC.2014.7040353}}

@INPROCEEDINGS{2015cable,
  author={Goodarzi, Farhad A. and Lee, Taeyoung},
  booktitle={2015 American Control Conference (ACC)}, 
  title={Dynamics and control of quadrotor UAVs transporting a rigid body connected via flexible cables}, 
  year={2015},
  volume={},
  number={},
  pages={4677-4682},
  keywords={Payloads;Mathematical model;Control systems;Angular velocity;Vehicle dynamics;Aerodynamics},
  doi={10.1109/ACC.2015.7172066}}

@ARTICLE{2018point,
  author={Klausen, Kristian and Meissen, Chris and Fossen, Thor I. and Arcak, Murat and Johansen, Tor Arne},
  journal={IEEE Transactions on Control Systems Technology}, 
  title={Cooperative Control for Multirotors Transporting an Unknown Suspended Load Under Environmental Disturbances}, 
  year={2020},
  volume={28},
  number={2},
  pages={653-660},
  keywords={Force;Mathematical model;Unmanned aerial vehicles;Payloads;Wires;Acceleration;Load modeling;Cooperative control;passivity-based control;unmanned aerial vehicles (UAVs)},
  doi={10.1109/TCST.2018.2876518}}
